@article{ostrom2009general,
  title={A general framework for analyzing sustainability of social-ecological systems},
  author={Ostrom, E.},
  journal={Science},
  volume={325},
  number={5939},
  pages={419},
  year={2009},
  publisher={American Association for the Advancement of Science}
}
@article{durrett1994importance,
  title={The Importance of Being Discrete (and Spatial)},
  author={Durrett, R. and Simon Levin},
  journal={Theoretical Population Biology},
  volume={46},
  pages={363--394},
  year={1994},
  publisher={Academic Press, Inc.}
}
@article{gell2003benefits,
  title={Benefits beyond boundaries: the fishery effects of marine reserves},
  author={Gell, Fiona R. and Callum M. Roberts},
  journal={Trends in Ecology and Evolution},
  volume={18},
  number={9},
  year={2003}
}
@article{pinho2012overcoming,
  title={Overcoming Barriers to Collective Action in Community-Based Fisheries Management in the Amazon},
  author={Pinho, P.F. and Orlove, B. and Lubell, M.},
  journal={Human Organization},
  volume={71},
  number={1},
  pages={99--109},
  year={2012},
  publisher={SFAA}
}
@article{roughgarden1996fisheries,
  title={Why fisheries collapse and what to do about it},
  author={Roughgarden, J. and Smith, F.},
  journal={Proceedings of the National Academy of Sciences},
  volume={93},
  number={10},
  pages={5078},
  year={1996},
  publisher={National Acad Sciences}
}
